<record><leader>00000cas a22000007a 4500</leader><controlfield tag="001">33944155</controlfield><controlfield tag="008">951219d19281928cauwr ne      0    0eng d</controlfield><datafield ind1=" " ind2=" " tag="010"><subfield code="a">sn 95062144 </subfield></datafield><datafield ind1=" " ind2=" " tag="040"><subfield code="a">CNK</subfield><subfield code="b">eng</subfield><subfield code="c">CNK</subfield><subfield code="d">OCLCQ</subfield><subfield code="d">OCLCF</subfield><subfield code="d">OCLCO</subfield></datafield><datafield ind1="1" ind2=" " tag="029"><subfield code="a">AU@</subfield><subfield code="b">000025872711</subfield></datafield><datafield ind1=" " ind2=" " tag="042"><subfield code="a">msc</subfield></datafield><datafield ind1=" " ind2=" " tag="043"><subfield code="a">n-us-ca</subfield></datafield><datafield ind1="0" ind2="0" tag="245"><subfield code="a">West side chonicle and Maricopa oil review.</subfield></datafield><datafield ind1=" " ind2=" " tag="260"><subfield code="a">Maricopa, Kern Co., Calif. :</subfield><subfield code="b">West Side Pub. Co.</subfield></datafield><datafield ind1=" " ind2=" " tag="300"><subfield code="a">v.</subfield></datafield><datafield ind1=" " ind2=" " tag="310"><subfield code="a">Weekly</subfield></datafield><datafield ind1="0" ind2=" " tag="362"><subfield code="a">Vol. 3, no. 49 (Mar. 2, 1928)-v. 4, no. 1 (June 8, 1928) = v. 1 no. 1-v. 1, no. 15.</subfield></datafield><datafield ind1=" " ind2="0" tag="651"><subfield code="a">Maricopa (Calif.)</subfield><subfield code="v">Newspapers.</subfield></datafield><datafield ind1=" " ind2="7" tag="655"><subfield code="a">Newspapers.</subfield><subfield code="2">fast</subfield><subfield code="0">(OCoLC)fst01423814</subfield></datafield><datafield ind1=" " ind2="7" tag="651"><subfield code="a">California</subfield><subfield code="z">Maricopa.</subfield><subfield code="2">fast</subfield><subfield code="0">(OCoLC)fst01249783</subfield></datafield><datafield ind1=" " ind2=" " tag="752"><subfield code="a">United States</subfield><subfield code="b">California</subfield><subfield code="c">Kern</subfield><subfield code="d">Maricopa.</subfield></datafield><datafield ind1="0" ind2="0" tag="780"><subfield code="t">Maricopa oil review</subfield><subfield code="w">(DLC)sn 95062143</subfield></datafield><datafield ind1="0" ind2="7" tag="785"><subfield code="t">Oilfields dispatch</subfield><subfield code="w">(DLC)sn 95062145</subfield></datafield><datafield ind1="0" ind2="7" tag="785"><subfield code="t">Oilfields dispatch and west side chonicle and Maricopa oil review</subfield><subfield code="w">(DLC)sn 95062146</subfield></datafield></record>